<record><leader>00000cas a22000007a 4500</leader><controlfield tag="001">30055064</controlfield><controlfield tag="008">940330d1960197umouwr ne      0    0eng d</controlfield><datafield ind1=" " ind2=" " tag="010"><subfield code="a">sn 93060440 </subfield></datafield><datafield ind1=" " ind2=" " tag="040"><subfield code="a">MQN</subfield><subfield code="b">eng</subfield><subfield code="c">MQN</subfield><subfield code="d">OCLCQ</subfield><subfield code="d">OCLCF</subfield><subfield code="d">OCLCO</subfield></datafield><datafield ind1="1" ind2=" " tag="029"><subfield code="a">AU@</subfield><subfield code="b">000025866965</subfield></datafield><datafield ind1=" " ind2=" " tag="042"><subfield code="a">msc</subfield></datafield><datafield ind1=" " ind2=" " tag="043"><subfield code="a">n-us-mo</subfield></datafield><datafield ind1="0" ind2=" " tag="130"><subfield code="a">Rocket (Hillsboro, Mo.)</subfield></datafield><datafield ind1="1" ind2="4" tag="245"><subfield code="a">The rocket.</subfield></datafield><datafield ind1=" " ind2=" " tag="260"><subfield code="a">Hillsboro, Mo. :</subfield><subfield code="b">Jefferson County Record</subfield></datafield><datafield ind1=" " ind2=" " tag="300"><subfield code="a">v.</subfield></datafield><datafield ind1=" " ind2=" " tag="310"><subfield code="a">Weekly</subfield></datafield><datafield ind1=" " ind2=" " tag="580"><subfield code="a">Split into Rocket (Festus, Mo. : Northwest ed.), and: Rocket (Festus, Mo. : North ed.), and: Rocket (Festus, Mo. : South ed.), and: Rocket (Festus, Mo. : Central ed.).</subfield></datafield><datafield ind1=" " ind2=" " tag="588"><subfield code="a">Description based on: Vol. 5, no. 6 (Jan. 6, 1965).</subfield></datafield><datafield ind1=" " ind2="0" tag="651"><subfield code="a">Hillsboro (Mo.)</subfield><subfield code="v">Newspapers.</subfield></datafield><datafield ind1=" " ind2="7" tag="655"><subfield code="a">Newspapers.</subfield><subfield code="2">fast</subfield><subfield code="0">(OCoLC)fst01423814</subfield></datafield><datafield ind1=" " ind2="7" tag="651"><subfield code="a">Missouri</subfield><subfield code="z">Hillsboro.</subfield><subfield code="2">fast</subfield><subfield code="0">(OCoLC)fst01238659</subfield></datafield><datafield ind1=" " ind2=" " tag="752"><subfield code="a">United States</subfield><subfield code="b">Missouri</subfield><subfield code="c">Jefferson</subfield><subfield code="d">Hillsboro.</subfield></datafield><datafield ind1="1" ind2="6" tag="785"><subfield code="t">Rocket (Festus, Mo. : Northwest ed.)</subfield><subfield code="w">(DLC)sn 93060441</subfield></datafield><datafield ind1="1" ind2="6" tag="785"><subfield code="t">Rocket (Festus, Mo. : North ed.)</subfield><subfield code="w">(DLC)sn 93060443</subfield></datafield><datafield ind1="1" ind2="6" tag="785"><subfield code="t">Rocket (Festus, Mo. : South ed.)</subfield><subfield code="w">(DLC)sn 93060445</subfield></datafield><datafield ind1="1" ind2="6" tag="785"><subfield code="t">Rocket (Festus, Mo. : Central ed.)</subfield><subfield code="w">(DLC)sn 93060446</subfield></datafield></record>